<?xml version="1.0" encoding="UTF-8"?><collection xmlns="http://www.loc.gov/MARC21/slim"><record><leader>00347nam--2200145-i-4500</leader><controlfield tag="001">000027597</controlfield><controlfield tag="002">20161230</controlfield><controlfield tag="005">20161230201036</controlfield><controlfield tag="008">060222s1000------------r-----000-0-eng-d</controlfield><datafield ind1=" " ind2=" " tag="080"><subfield code="a">621.396.67</subfield></datafield><datafield ind1=" " ind2=" " tag="100"><subfield code="a">Krauss, John D</subfield></datafield><datafield ind1=" " ind2=" " tag="245"><subfield code="a">Antennas</subfield></datafield><datafield ind1=" " ind2=" " tag="260"><subfield code="a">New York, Mcgraw Hill, 1950, Xii + 553p.Cu Fig</subfield></datafield><datafield ind1=" " ind2=" " tag="490"><subfield code="a">Mcgraw Series</subfield></datafield><datafield ind1=" " ind2=" " tag="852"><subfield code="a">11974</subfield></datafield></record></collection>